<?xml version = "1.0" encoding = "UTF-8"?><record>
  <leader>02154nem#a2200493#cc4500</leader>
  <controlfield tag="005">20210409104250.0</controlfield>
  <controlfield tag="007">au#|||||</controlfield>
  <controlfield tag="008">140514|2014####gw########|###|#|###ger#c</controlfield>
  <controlfield tag="003">DE-605</controlfield>
  <controlfield tag="001">990203862920206441</controlfield>
  <datafield tag="016" ind1="7" ind2=" ">
    <subfield code="a">1075956736</subfield>
    <subfield code="2">OCoLC</subfield>
  </datafield>
  <datafield tag="020" ind1=" " ind2=" ">
    <subfield code="a">9783894352851</subfield>
    <subfield code="9">978-3-89435-285-1</subfield>
    <subfield code="0">(uri) http://www.isbnsearch.org/isbn/9783894352851</subfield>
  </datafield>
  <datafield tag="035" ind1=" " ind2=" ">
    <subfield code="a">(DE-605)HT018260267</subfield>
  </datafield>
  <datafield tag="040" ind1=" " ind2=" ">
    <subfield code="a">6</subfield>
    <subfield code="b">ger</subfield>
    <subfield code="d">6</subfield>
    <subfield code="e">rakwb</subfield>
  </datafield>
  <datafield tag="041" ind1=" " ind2=" ">
    <subfield code="a">ger</subfield>
  </datafield>
  <datafield tag="044" ind1=" " ind2=" ">
    <subfield code="c">XA-DE</subfield>
  </datafield>
  <datafield tag="084" ind1=" " ind2=" ">
    <subfield code="a">Lengerich</subfield>
    <subfield code="0">https://nwbib.de/spatial#Q181609</subfield>
    <subfield code="2">nwbib</subfield>
  </datafield>
  <datafield tag="084" ind1=" " ind2=" ">
    <subfield code="a">Karten</subfield>
    <subfield code="0">https://nwbib.de/subjects#N126000</subfield>
    <subfield code="2">nwbib</subfield>
  </datafield>
  <datafield tag="245" ind1="0" ind2="0">
    <subfield code="a">Topographische Karte</subfield>
    <subfield code="b">[Bundesrepublik Deutschland]</subfield>
    <subfield code="n">3411</subfield>
    <subfield code="p">Lengerich</subfield>
    <subfield code="c">hrsg. vom Bayerischen Landesvermessungsamt M&#252;nchen ...</subfield>
  </datafield>
  <datafield tag="250" ind1=" " ind2=" ">
    <subfield code="a">3. Aufl., Ausg. 2014</subfield>
  </datafield>
  <datafield tag="255" ind1=" " ind2=" ">
    <subfield code="a">1:25 000 (E 007 30 -E 007 40 /N 052 36 -N 052 30)</subfield>
  </datafield>
  <datafield tag="264" ind1=" " ind2="1">
    <subfield code="a">Hannover</subfield>
    <subfield code="b">Landesvermessung und Geobasisinformation Niedersachsen</subfield>
    <subfield code="c">2014</subfield>
  </datafield>
  <datafield tag="300" ind1=" " ind2=" ">
    <subfield code="a">1 Kt. : mehrfarb.</subfield>
    <subfield code="c">46 x 45 cm</subfield>
  </datafield>
  <datafield tag="500" ind1=" " ind2=" ">
    <subfield code="a">Mit H&#246;henlinien</subfield>
    <subfield code="9">F:501</subfield>
  </datafield>
  <datafield tag="655" ind1=" " ind2="7">
    <subfield code="a">Karte</subfield>
    <subfield code="0">(DE-588)4029783-4</subfield>
    <subfield code="2">gnd-content</subfield>
  </datafield>
  <datafield tag="689" ind1="0" ind2="0">
    <subfield code="a">Lengerich</subfield>
    <subfield code="g">Kreis Steinfurt</subfield>
    <subfield code="D">g</subfield>
    <subfield code="0">(DE-588)4035322-9</subfield>
    <subfield code="0">(uri) https://portal.dnb.de/opac.htm?method=simpleSearch&amp;cqlMode=true&amp;query=idn=040353222</subfield>
    <subfield code="0">(uri) http://viaf.org/viaf/sourceID/DNB|040353222</subfield>
    <subfield code="B">GND-040353222</subfield>
  </datafield>
  <datafield tag="689" ind1="0" ind2="1">
    <subfield code="a">Topografie</subfield>
    <subfield code="D">s</subfield>
    <subfield code="0">(DE-588)4133697-5</subfield>
    <subfield code="0">(uri) https://portal.dnb.de/opac.htm?method=simpleSearch&amp;cqlMode=true&amp;query=idn=041336976</subfield>
    <subfield code="0">(uri) http://viaf.org/viaf/sourceID/DNB|041336976</subfield>
    <subfield code="B">GND-041336976</subfield>
  </datafield>
  <datafield tag="710" ind1="2" ind2=" ">
    <subfield code="a">Bayerisches Landesvermessungsamt</subfield>
    <subfield code="0">(DE-588)2028072-5</subfield>
    <subfield code="4">oth</subfield>
    <subfield code="9">O:H</subfield>
    <subfield code="0">(uri) https://portal.dnb.de/opac.htm?method=simpleSearch&amp;cqlMode=true&amp;query=idn=004847717</subfield>
    <subfield code="0">(uri) http://viaf.org/viaf/sourceID/DNB|004847717</subfield>
    <subfield code="B">GND-004847717</subfield>
  </datafield>
  <datafield tag="710" ind1="2" ind2=" ">
    <subfield code="a">Hessisches Landesvermessungsamt</subfield>
    <subfield code="0">(DE-588)2028730-6</subfield>
    <subfield code="4">oth</subfield>
    <subfield code="9">O:H</subfield>
    <subfield code="0">(uri) https://portal.dnb.de/opac.htm?method=simpleSearch&amp;cqlMode=true&amp;query=idn=004853423</subfield>
    <subfield code="0">(uri) http://viaf.org/viaf/sourceID/DNB|004853423</subfield>
    <subfield code="B">GND-004853423</subfield>
  </datafield>
  <datafield tag="710" ind1="2" ind2=" ">
    <subfield code="a">Landesvermessungsamt Baden-W&#252;rttemberg</subfield>
    <subfield code="0">(DE-588)2028149-3</subfield>
    <subfield code="4">oth</subfield>
    <subfield code="9">O:H</subfield>
    <subfield code="0">(uri) https://portal.dnb.de/opac.htm?method=simpleSearch&amp;cqlMode=true&amp;query=idn=004848322</subfield>
    <subfield code="0">(uri) http://viaf.org/viaf/sourceID/DNB|004848322</subfield>
    <subfield code="B">GND-004848322</subfield>
  </datafield>
  <datafield tag="710" ind1="2" ind2=" ">
    <subfield code="a">Saarland</subfield>
    <subfield code="b">Landesvermessungsamt</subfield>
    <subfield code="0">(DE-588)2027457-9</subfield>
    <subfield code="4">oth</subfield>
    <subfield code="9">O:H</subfield>
    <subfield code="0">(uri) https://portal.dnb.de/opac.htm?method=simpleSearch&amp;cqlMode=true&amp;query=idn=004842561</subfield>
    <subfield code="0">(uri) http://viaf.org/viaf/sourceID/DNB|004842561</subfield>
    <subfield code="B">GND-004842561</subfield>
  </datafield>
  <datafield tag="710" ind1="2" ind2=" ">
    <subfield code="a">Rheinland-Pfalz</subfield>
    <subfield code="b">Landesvermessungsamt</subfield>
    <subfield code="0">(DE-588)2029749-X</subfield>
    <subfield code="4">oth</subfield>
    <subfield code="9">O:H</subfield>
    <subfield code="0">(uri) https://portal.dnb.de/opac.htm?method=simpleSearch&amp;cqlMode=true&amp;query=idn=004861809</subfield>
    <subfield code="0">(uri) http://viaf.org/viaf/sourceID/DNB|004861809</subfield>
    <subfield code="B">GND-004861809</subfield>
  </datafield>
  <datafield tag="710" ind1="2" ind2=" ">
    <subfield code="a">Nordrhein-Westfalen</subfield>
    <subfield code="b">Landesvermessungsamt</subfield>
    <subfield code="0">(DE-588)1008243-8</subfield>
    <subfield code="4">oth</subfield>
    <subfield code="9">O:H</subfield>
    <subfield code="0">(uri) https://portal.dnb.de/opac.htm?method=simpleSearch&amp;cqlMode=true&amp;query=idn=004045599</subfield>
    <subfield code="0">(uri) http://viaf.org/viaf/sourceID/DNB|004045599</subfield>
    <subfield code="B">GND-004045599</subfield>
  </datafield>
  <datafield tag="710" ind1="2" ind2=" ">
    <subfield code="a">Schleswig-Holstein</subfield>
    <subfield code="b">Landesvermessungsamt</subfield>
    <subfield code="0">(DE-588)2027475-0</subfield>
    <subfield code="4">oth</subfield>
    <subfield code="9">O:H</subfield>
    <subfield code="0">(uri) https://portal.dnb.de/opac.htm?method=simpleSearch&amp;cqlMode=true&amp;query=idn=004842693</subfield>
    <subfield code="0">(uri) http://viaf.org/viaf/sourceID/DNB|004842693</subfield>
    <subfield code="B">GND-004842693</subfield>
  </datafield>
  <datafield tag="710" ind1="2" ind2=" ">
    <subfield code="a">Nieders&#228;chsisches Landesverwaltungsamt</subfield>
    <subfield code="0">(DE-588)2029377-X</subfield>
    <subfield code="4">oth</subfield>
    <subfield code="9">O:H</subfield>
    <subfield code="0">(uri) https://portal.dnb.de/opac.htm?method=simpleSearch&amp;cqlMode=true&amp;query=idn=004858883</subfield>
    <subfield code="0">(uri) http://viaf.org/viaf/sourceID/DNB|004858883</subfield>
    <subfield code="B">GND-004858883</subfield>
  </datafield>
  <datafield tag="710" ind1="2" ind2=" ">
    <subfield code="a">Brandenburg</subfield>
    <subfield code="b">Landesvermessungsamt</subfield>
    <subfield code="0">(DE-588)2119147-5</subfield>
    <subfield code="4">oth</subfield>
    <subfield code="9">O:H</subfield>
    <subfield code="0">(uri) https://portal.dnb.de/opac.htm?method=simpleSearch&amp;cqlMode=true&amp;query=idn=007664613</subfield>
    <subfield code="0">(uri) http://viaf.org/viaf/sourceID/DNB|007664613</subfield>
    <subfield code="B">GND-007664613</subfield>
  </datafield>
  <datafield tag="710" ind1="2" ind2=" ">
    <subfield code="a">Landesvermessungsamt Sachsen</subfield>
    <subfield code="0">(DE-588)2122970-3</subfield>
    <subfield code="4">oth</subfield>
    <subfield code="9">O:H</subfield>
    <subfield code="0">(uri) https://portal.dnb.de/opac.htm?method=simpleSearch&amp;cqlMode=true&amp;query=idn=00770089X</subfield>
    <subfield code="0">(uri) http://viaf.org/viaf/sourceID/DNB|00770089X</subfield>
    <subfield code="B">GND-00770089X</subfield>
  </datafield>
  <datafield tag="773" ind1="0" ind2="8">
    <subfield code="w">(DE-605)HT003783323</subfield>
    <subfield code="q">3411</subfield>
  </datafield>
  <datafield tag="960" ind1="1" ind2=" ">
    <subfield code="n">NWBib-6</subfield>
  </datafield>
  <datafield tag="964" ind1="0" ind2="s">
    <subfield code="F">030</subfield>
    <subfield code="A">a|1uc||||||||</subfield>
  </datafield>
  <datafield tag="964" ind1="0" ind2="s">
    <subfield code="F">050</subfield>
    <subfield code="A">||||||||||a|||</subfield>
  </datafield>
  <datafield tag="035" ind1=" " ind2=" ">
    <subfield code="a">(OCoLC)1075956736</subfield>
    <subfield code="0">(uri) http://www.worldcat.org/oclc/1075956736</subfield>
  </datafield>
  <datafield tag="035" ind1=" " ind2=" ">
    <subfield code="a">(DE-599)GBV780150414</subfield>
  </datafield>
  <datafield tag="035" ind1=" " ind2=" ">
    <subfield code="a">(DE-601)780150414</subfield>
  </datafield>
  <datafield tag="MBD" ind1=" " ind2=" ">
    <subfield code="M">49HBZ_NETWORK</subfield>
    <subfield code="i">990203862920206441</subfield>
    <subfield code="n">HBZ Network</subfield>
  </datafield>
  <datafield tag="MNG" ind1=" " ind2=" ">
    <subfield code="c">System</subfield>
    <subfield code="f">ILS</subfield>
    <subfield code="i">marc21</subfield>
    <subfield code="k">01</subfield>
    <subfield code="e">false</subfield>
    <subfield code="d">2021-07-31 05:44:13 Europe/Berlin</subfield>
    <subfield code="g">020386292-HBZ01</subfield>
    <subfield code="j">60</subfield>
    <subfield code="a">import</subfield>
    <subfield code="b">2021-04-05 21:47:51 Europe/Berlin</subfield>
  </datafield>
  <datafield tag="GKT" ind1="2" ind2=" ">
    <subfield code="a">Landesvermessungsamt</subfield>
    <subfield code="g">Brandenburg</subfield>
    <subfield code="A">GND</subfield>
    <subfield code="B">GND-007664613</subfield>
    <subfield code="C">410</subfield>
  </datafield>
  <datafield tag="GKT" ind1="1" ind2=" ">
    <subfield code="a">Brandenburg</subfield>
    <subfield code="b">Ministerium des Innern</subfield>
    <subfield code="b">Landesvermessungsamt</subfield>
    <subfield code="A">GND</subfield>
    <subfield code="B">GND-007664613</subfield>
    <subfield code="C">410</subfield>
  </datafield>
  <datafield tag="GKT" ind1="2" ind2=" ">
    <subfield code="a">LVermA</subfield>
    <subfield code="4">abku</subfield>
    <subfield code="4">http://d-nb.info/standards/elementset/gnd#abbreviatedNameForTheCorporateBody</subfield>
    <subfield code="w">r</subfield>
    <subfield code="i">Abkuerzung</subfield>
    <subfield code="e">Abkuerzung</subfield>
    <subfield code="A">GND</subfield>
    <subfield code="B">GND-007664613</subfield>
    <subfield code="C">410</subfield>
  </datafield>
  <datafield tag="GKT" ind1="1" ind2=" ">
    <subfield code="a">Brandenburg</subfield>
    <subfield code="g">Staat</subfield>
    <subfield code="b">Landesvermessungsamt</subfield>
    <subfield code="4">naaf</subfield>
    <subfield code="4">http://d-nb.info/standards/elementset/gnd#variantName</subfield>
    <subfield code="w">r</subfield>
    <subfield code="i">Alte Ansetzungsform</subfield>
    <subfield code="e">Alte Ansetzungsform</subfield>
    <subfield code="A">GND</subfield>
    <subfield code="B">GND-007664613</subfield>
    <subfield code="C">410</subfield>
  </datafield>
  <datafield tag="GSI" ind1="7" ind2=" ">
    <subfield code="a">http://d-nb.info/gnd/2119147-5</subfield>
    <subfield code="2">uri</subfield>
    <subfield code="A">GND</subfield>
    <subfield code="B">GND-007664613</subfield>
    <subfield code="C">024</subfield>
  </datafield>
  <datafield tag="GST" ind1=" " ind2=" ">
    <subfield code="a">Topographie</subfield>
    <subfield code="A">GND</subfield>
    <subfield code="B">GND-041336976</subfield>
    <subfield code="C">450</subfield>
  </datafield>
  <datafield tag="GSI" ind1="7" ind2=" ">
    <subfield code="a">http://d-nb.info/gnd/4133697-5</subfield>
    <subfield code="2">uri</subfield>
    <subfield code="A">GND</subfield>
    <subfield code="B">GND-041336976</subfield>
    <subfield code="C">024</subfield>
  </datafield>
  <datafield tag="GSI" ind1="7" ind2=" ">
    <subfield code="a">4035322-9</subfield>
    <subfield code="0">http://d-nb.info/gnd/4035322-9</subfield>
    <subfield code="2">gnd</subfield>
    <subfield code="A">GND</subfield>
    <subfield code="B">GND-040353222</subfield>
    <subfield code="C">024</subfield>
  </datafield>
  <datafield tag="GSI" ind1="7" ind2=" ">
    <subfield code="a">2878840</subfield>
    <subfield code="2">geonames</subfield>
    <subfield code="A">GND</subfield>
    <subfield code="B">GND-040353222</subfield>
    <subfield code="C">024</subfield>
  </datafield>
  <datafield tag="GGN" ind1=" " ind2=" ">
    <subfield code="a">Lengerich (Westfalen)</subfield>
    <subfield code="A">GND</subfield>
    <subfield code="B">GND-040353222</subfield>
    <subfield code="C">451</subfield>
  </datafield>
  <datafield tag="GGN" ind1=" " ind2=" ">
    <subfield code="a">Lengerich</subfield>
    <subfield code="g">Ibbenb&#252;ren</subfield>
    <subfield code="A">GND</subfield>
    <subfield code="B">GND-040353222</subfield>
    <subfield code="C">451</subfield>
  </datafield>
  <datafield tag="GKT" ind1="2" ind2=" ">
    <subfield code="a">Sachsen</subfield>
    <subfield code="b">Landesvermessungsamt</subfield>
    <subfield code="A">GND</subfield>
    <subfield code="B">GND-00770089X</subfield>
    <subfield code="C">410</subfield>
  </datafield>
  <datafield tag="GSI" ind1="7" ind2=" ">
    <subfield code="a">http://d-nb.info/gnd/2122970-3</subfield>
    <subfield code="2">uri</subfield>
    <subfield code="A">GND</subfield>
    <subfield code="B">GND-00770089X</subfield>
    <subfield code="C">024</subfield>
  </datafield>
  <datafield tag="GKT" ind1="1" ind2=" ">
    <subfield code="a">Niedersachsen</subfield>
    <subfield code="b">Niedersa&#776;chsisches Landesverwaltungsamt</subfield>
    <subfield code="A">GND</subfield>
    <subfield code="B">GND-004858883</subfield>
    <subfield code="C">410</subfield>
  </datafield>
  <datafield tag="GKT" ind1="2" ind2=" ">
    <subfield code="a">Landesverwaltungsamt</subfield>
    <subfield code="g">Niedersachsen</subfield>
    <subfield code="A">GND</subfield>
    <subfield code="B">GND-004858883</subfield>
    <subfield code="C">410</subfield>
  </datafield>
  <datafield tag="GKT" ind1="2" ind2=" ">
    <subfield code="a">NLVwA</subfield>
    <subfield code="4">abku</subfield>
    <subfield code="4">http://d-nb.info/standards/elementset/gnd#abbreviatedNameForTheCorporateBody</subfield>
    <subfield code="w">r</subfield>
    <subfield code="i">Abkuerzung</subfield>
    <subfield code="e">Abkuerzung</subfield>
    <subfield code="A">GND</subfield>
    <subfield code="B">GND-004858883</subfield>
    <subfield code="C">410</subfield>
  </datafield>
  <datafield tag="GKT" ind1="1" ind2=" ">
    <subfield code="a">Niedersa&#776;chsisches Landesverwaltungsamt</subfield>
    <subfield code="b">Statistik</subfield>
    <subfield code="4">spio</subfield>
    <subfield code="4">http://d-nb.info/standards/elementset/gnd#variantName</subfield>
    <subfield code="w">r</subfield>
    <subfield code="i">Spitzenorgan</subfield>
    <subfield code="e">Spitzenorgan</subfield>
    <subfield code="A">GND</subfield>
    <subfield code="B">GND-004858883</subfield>
    <subfield code="C">410</subfield>
  </datafield>
  <datafield tag="GKT" ind1="1" ind2=" ">
    <subfield code="a">Niedersa&#776;chsisches Landesverwaltungsamt</subfield>
    <subfield code="b">Bodendenkmalpflege</subfield>
    <subfield code="4">spio</subfield>
    <subfield code="4">http://d-nb.info/standards/elementset/gnd#variantName</subfield>
    <subfield code="w">r</subfield>
    <subfield code="i">Spitzenorgan</subfield>
    <subfield code="e">Spitzenorgan</subfield>
    <subfield code="A">GND</subfield>
    <subfield code="B">GND-004858883</subfield>
    <subfield code="C">410</subfield>
  </datafield>
  <datafield tag="GKT" ind1="1" ind2=" ">
    <subfield code="a">Niedersa&#776;chsisches Landesverwaltungsamt</subfield>
    <subfield code="b">Dezernat Bodendenkmalpflege</subfield>
    <subfield code="4">spio</subfield>
    <subfield code="4">http://d-nb.info/standards/elementset/gnd#variantName</subfield>
    <subfield code="w">r</subfield>
    <subfield code="i">Spitzenorgan</subfield>
    <subfield code="e">Spitzenorgan</subfield>
    <subfield code="A">GND</subfield>
    <subfield code="B">GND-004858883</subfield>
    <subfield code="C">410</subfield>
  </datafield>
  <datafield tag="GKT" ind1="1" ind2=" ">
    <subfield code="a">Niedersa&#776;chsisches Landesverwaltungsamt</subfield>
    <subfield code="b">Dezernat Kreisbeschreibungen</subfield>
    <subfield code="4">spio</subfield>
    <subfield code="4">http://d-nb.info/standards/elementset/gnd#variantName</subfield>
    <subfield code="w">r</subfield>
    <subfield code="i">Spitzenorgan</subfield>
    <subfield code="e">Spitzenorgan</subfield>
    <subfield code="A">GND</subfield>
    <subfield code="B">GND-004858883</subfield>
    <subfield code="C">410</subfield>
  </datafield>
  <datafield tag="GKT" ind1="1" ind2=" ">
    <subfield code="a">Niedersa&#776;chsisches Landesverwaltungsamt</subfield>
    <subfield code="b">Dezernat Bildungstechnologie</subfield>
    <subfield code="4">spio</subfield>
    <subfield code="4">http://d-nb.info/standards/elementset/gnd#variantName</subfield>
    <subfield code="w">r</subfield>
    <subfield code="i">Spitzenorgan</subfield>
    <subfield code="e">Spitzenorgan</subfield>
    <subfield code="A">GND</subfield>
    <subfield code="B">GND-004858883</subfield>
    <subfield code="C">410</subfield>
  </datafield>
  <datafield tag="GKT" ind1="1" ind2=" ">
    <subfield code="a">Niedersa&#776;chsisches Landesverwaltungsamt</subfield>
    <subfield code="b">Dezernat Denkmalpflege</subfield>
    <subfield code="4">spio</subfield>
    <subfield code="4">http://d-nb.info/standards/elementset/gnd#variantName</subfield>
    <subfield code="w">r</subfield>
    <subfield code="i">Spitzenorgan</subfield>
    <subfield code="e">Spitzenorgan</subfield>
    <subfield code="A">GND</subfield>
    <subfield code="B">GND-004858883</subfield>
    <subfield code="C">410</subfield>
  </datafield>
  <datafield tag="GKT" ind1="1" ind2=" ">
    <subfield code="a">Niedersa&#776;chsisches Landesverwaltungsamt</subfield>
    <subfield code="b">Dezernat Naturschutz</subfield>
    <subfield code="4">spio</subfield>
    <subfield code="4">http://d-nb.info/standards/elementset/gnd#variantName</subfield>
    <subfield code="w">r</subfield>
    <subfield code="i">Spitzenorgan</subfield>
    <subfield code="e">Spitzenorgan</subfield>
    <subfield code="A">GND</subfield>
    <subfield code="B">GND-004858883</subfield>
    <subfield code="C">410</subfield>
  </datafield>
  <datafield tag="GKT" ind1="1" ind2=" ">
    <subfield code="a">Niedersa&#776;chsisches Landesverwaltungsamt</subfield>
    <subfield code="b">Dezernat S 2</subfield>
    <subfield code="4">spio</subfield>
    <subfield code="4">http://d-nb.info/standards/elementset/gnd#variantName</subfield>
    <subfield code="w">r</subfield>
    <subfield code="i">Spitzenorgan</subfield>
    <subfield code="e">Spitzenorgan</subfield>
    <subfield code="A">GND</subfield>
    <subfield code="B">GND-004858883</subfield>
    <subfield code="C">410</subfield>
  </datafield>
  <datafield tag="GKT" ind1="1" ind2=" ">
    <subfield code="a">Niedersa&#776;chsisches Landesverwaltungsamt</subfield>
    <subfield code="b">Dezernat D 2</subfield>
    <subfield code="4">spio</subfield>
    <subfield code="4">http://d-nb.info/standards/elementset/gnd#variantName</subfield>
    <subfield code="w">r</subfield>
    <subfield code="i">Spitzenorgan</subfield>
    <subfield code="e">Spitzenorgan</subfield>
    <subfield code="A">GND</subfield>
    <subfield code="B">GND-004858883</subfield>
    <subfield code="C">410</subfield>
  </datafield>
  <datafield tag="GKT" ind1="1" ind2=" ">
    <subfield code="a">Niedersa&#776;chsisches Landesverwaltungsamt</subfield>
    <subfield code="b">Landesplanung</subfield>
    <subfield code="4">spio</subfield>
    <subfield code="4">http://d-nb.info/standards/elementset/gnd#variantName</subfield>
    <subfield code="w">r</subfield>
    <subfield code="i">Spitzenorgan</subfield>
    <subfield code="e">Spitzenorgan</subfield>
    <subfield code="A">GND</subfield>
    <subfield code="B">GND-004858883</subfield>
    <subfield code="C">410</subfield>
  </datafield>
  <datafield tag="GKT" ind1="1" ind2=" ">
    <subfield code="a">Niedersa&#776;chsisches Landesverwaltungsamt</subfield>
    <subfield code="b">Naturschutz, Landschaftspflege, Vogelschutz</subfield>
    <subfield code="4">spio</subfield>
    <subfield code="4">http://d-nb.info/standards/elementset/gnd#variantName</subfield>
    <subfield code="w">r</subfield>
    <subfield code="i">Spitzenorgan</subfield>
    <subfield code="e">Spitzenorgan</subfield>
    <subfield code="A">GND</subfield>
    <subfield code="B">GND-004858883</subfield>
    <subfield code="C">410</subfield>
  </datafield>
  <datafield tag="GKT" ind1="1" ind2=" ">
    <subfield code="a">Niedersa&#776;chsisches Landesverwaltungsamt</subfield>
    <subfield code="b">Fachbeho&#776;rde fu&#776;r Naturschutz</subfield>
    <subfield code="4">spio</subfield>
    <subfield code="4">http://d-nb.info/standards/elementset/gnd#variantName</subfield>
    <subfield code="w">r</subfield>
    <subfield code="i">Spitzenorgan</subfield>
    <subfield code="e">Spitzenorgan</subfield>
    <subfield code="A">GND</subfield>
    <subfield code="B">GND-004858883</subfield>
    <subfield code="C">410</subfield>
  </datafield>
  <datafield tag="GKT" ind1="2" ind2=" ">
    <subfield code="a">Fachbeho&#776;rde fu&#776;r Naturschutz</subfield>
    <subfield code="g">Niedersa&#776;chsisches Landesverwaltungsamt</subfield>
    <subfield code="4">spio</subfield>
    <subfield code="4">http://d-nb.info/standards/elementset/gnd#variantName</subfield>
    <subfield code="w">r</subfield>
    <subfield code="i">Spitzenorgan</subfield>
    <subfield code="e">Spitzenorgan</subfield>
    <subfield code="A">GND</subfield>
    <subfield code="B">GND-004858883</subfield>
    <subfield code="C">410</subfield>
  </datafield>
  <datafield tag="GKT" ind1="1" ind2=" ">
    <subfield code="a">Niedersa&#776;chsisches Landesverwaltungsamt</subfield>
    <subfield code="b">Projektgruppe DINAN</subfield>
    <subfield code="4">spio</subfield>
    <subfield code="4">http://d-nb.info/standards/elementset/gnd#variantName</subfield>
    <subfield code="w">r</subfield>
    <subfield code="i">Spitzenorgan</subfield>
    <subfield code="e">Spitzenorgan</subfield>
    <subfield code="A">GND</subfield>
    <subfield code="B">GND-004858883</subfield>
    <subfield code="C">410</subfield>
  </datafield>
  <datafield tag="GKT" ind1="1" ind2=" ">
    <subfield code="a">Niedersa&#776;chsisches Landesverwaltungsamt</subfield>
    <subfield code="b">Projektgruppe MERVE</subfield>
    <subfield code="4">spio</subfield>
    <subfield code="4">http://d-nb.info/standards/elementset/gnd#variantName</subfield>
    <subfield code="w">r</subfield>
    <subfield code="i">Spitzenorgan</subfield>
    <subfield code="e">Spitzenorgan</subfield>
    <subfield code="A">GND</subfield>
    <subfield code="B">GND-004858883</subfield>
    <subfield code="C">410</subfield>
  </datafield>
  <datafield tag="GKT" ind1="1" ind2=" ">
    <subfield code="a">Niedersa&#776;chsisches Landesverwaltungsamt</subfield>
    <subfield code="b">Projektgruppe ELBU&#776;</subfield>
    <subfield code="4">spio</subfield>
    <subfield code="4">http://d-nb.info/standards/elementset/gnd#variantName</subfield>
    <subfield code="w">r</subfield>
    <subfield code="i">Spitzenorgan</subfield>
    <subfield code="e">Spitzenorgan</subfield>
    <subfield code="A">GND</subfield>
    <subfield code="B">GND-004858883</subfield>
    <subfield code="C">410</subfield>
  </datafield>
  <datafield tag="GKT" ind1="1" ind2=" ">
    <subfield code="a">Niedersa&#776;chsisches Landesverwaltungsamt</subfield>
    <subfield code="b">Agrarstruktur</subfield>
    <subfield code="4">spio</subfield>
    <subfield code="4">http://d-nb.info/standards/elementset/gnd#variantName</subfield>
    <subfield code="w">r</subfield>
    <subfield code="i">Spitzenorgan</subfield>
    <subfield code="e">Spitzenorgan</subfield>
    <subfield code="A">GND</subfield>
    <subfield code="B">GND-004858883</subfield>
    <subfield code="C">410</subfield>
  </datafield>
  <datafield tag="GKT" ind1="1" ind2=" ">
    <subfield code="a">Niedersa&#776;chsisches Landesverwaltungsamt</subfield>
    <subfield code="b">Abteilung Strassenbau</subfield>
    <subfield code="4">spio</subfield>
    <subfield code="4">http://d-nb.info/standards/elementset/gnd#variantName</subfield>
    <subfield code="w">r</subfield>
    <subfield code="i">Spitzenorgan</subfield>
    <subfield code="e">Spitzenorgan</subfield>
    <subfield code="A">GND</subfield>
    <subfield code="B">GND-004858883</subfield>
    <subfield code="C">410</subfield>
  </datafield>
  <datafield tag="GKT" ind1="1" ind2=" ">
    <subfield code="a">Niedersa&#776;chsisches Landesverwaltungsamt</subfield>
    <subfield code="b">Datenverarbeitung</subfield>
    <subfield code="4">spio</subfield>
    <subfield code="4">http://d-nb.info/standards/elementset/gnd#variantName</subfield>
    <subfield code="w">r</subfield>
    <subfield code="i">Spitzenorgan</subfield>
    <subfield code="e">Spitzenorgan</subfield>
    <subfield code="A">GND</subfield>
    <subfield code="B">GND-004858883</subfield>
    <subfield code="C">410</subfield>
  </datafield>
  <datafield tag="GKT" ind1="1" ind2=" ">
    <subfield code="a">Niedersa&#776;chsisches Landesverwaltungsamt</subfield>
    <subfield code="b">Automatische Datenverarbeitung</subfield>
    <subfield code="4">spio</subfield>
    <subfield code="4">http://d-nb.info/standards/elementset/gnd#variantName</subfield>
    <subfield code="w">r</subfield>
    <subfield code="i">Spitzenorgan</subfield>
    <subfield code="e">Spitzenorgan</subfield>
    <subfield code="A">GND</subfield>
    <subfield code="B">GND-004858883</subfield>
    <subfield code="C">410</subfield>
  </datafield>
  <datafield tag="GKT" ind1="1" ind2=" ">
    <subfield code="a">Niedersa&#776;chsisches Landesverwaltungsamt</subfield>
    <subfield code="b">Informations- und Kommunikationstechnik</subfield>
    <subfield code="4">spio</subfield>
    <subfield code="4">http://d-nb.info/standards/elementset/gnd#variantName</subfield>
    <subfield code="w">r</subfield>
    <subfield code="i">Spitzenorgan</subfield>
    <subfield code="e">Spitzenorgan</subfield>
    <subfield code="A">GND</subfield>
    <subfield code="B">GND-004858883</subfield>
    <subfield code="C">410</subfield>
  </datafield>
  <datafield tag="GKT" ind1="1" ind2=" ">
    <subfield code="a">Niedersa&#776;chsisches Landesverwaltungsamt</subfield>
    <subfield code="b">IuK-Technik</subfield>
    <subfield code="4">spio</subfield>
    <subfield code="4">http://d-nb.info/standards/elementset/gnd#variantName</subfield>
    <subfield code="w">r</subfield>
    <subfield code="i">Spitzenorgan</subfield>
    <subfield code="e">Spitzenorgan</subfield>
    <subfield code="A">GND</subfield>
    <subfield code="B">GND-004858883</subfield>
    <subfield code="C">410</subfield>
  </datafield>
  <datafield tag="GKT" ind1="1" ind2=" ">
    <subfield code="a">Niedersachsen</subfield>
    <subfield code="b">Landesverwaltungsamt</subfield>
    <subfield code="A">GND</subfield>
    <subfield code="B">GND-004858883</subfield>
    <subfield code="C">410</subfield>
  </datafield>
  <datafield tag="GKT" ind1="1" ind2=" ">
    <subfield code="a">Niedersachsen</subfield>
    <subfield code="b">Landesvermessungsamt</subfield>
    <subfield code="A">GND</subfield>
    <subfield code="B">GND-004858883</subfield>
    <subfield code="C">410</subfield>
  </datafield>
  <datafield tag="GKT" ind1="1" ind2=" ">
    <subfield code="a">Niedersachsen</subfield>
    <subfield code="b">Landesverwaltungsamt</subfield>
    <subfield code="b">Landesvermessung</subfield>
    <subfield code="A">GND</subfield>
    <subfield code="B">GND-004858883</subfield>
    <subfield code="C">410</subfield>
  </datafield>
  <datafield tag="GKT" ind1="1" ind2=" ">
    <subfield code="a">Niedersachsen</subfield>
    <subfield code="b">Landesplanung</subfield>
    <subfield code="A">GND</subfield>
    <subfield code="B">GND-004858883</subfield>
    <subfield code="C">410</subfield>
  </datafield>
  <datafield tag="GKT" ind1="1" ind2=" ">
    <subfield code="a">Niedersachsen</subfield>
    <subfield code="b">Fachbeho&#776;rde fu&#776;r Naturschutz</subfield>
    <subfield code="A">GND</subfield>
    <subfield code="B">GND-004858883</subfield>
    <subfield code="C">410</subfield>
  </datafield>
  <datafield tag="GKT" ind1="1" ind2=" ">
    <subfield code="a">Niedersachsen</subfield>
    <subfield code="b">Landesverwaltungsamt</subfield>
    <subfield code="b">Fachbeho&#776;rde fu&#776;r Naturschutz</subfield>
    <subfield code="A">GND</subfield>
    <subfield code="B">GND-004858883</subfield>
    <subfield code="C">410</subfield>
  </datafield>
  <datafield tag="GKT" ind1="1" ind2=" ">
    <subfield code="a">Niedersachsen</subfield>
    <subfield code="b">Niedersa&#776;chsisches Landesverwaltungsamt</subfield>
    <subfield code="b">Fachbeho&#776;rde fu&#776;r Naturschutz</subfield>
    <subfield code="A">GND</subfield>
    <subfield code="B">GND-004858883</subfield>
    <subfield code="C">410</subfield>
  </datafield>
  <datafield tag="GSI" ind1="7" ind2=" ">
    <subfield code="a">http://d-nb.info/gnd/2029377-X</subfield>
    <subfield code="2">uri</subfield>
    <subfield code="A">GND</subfield>
    <subfield code="B">GND-004858883</subfield>
    <subfield code="C">024</subfield>
  </datafield>
  <datafield tag="GKT" ind1="2" ind2=" ">
    <subfield code="a">Landesvermessungsamt</subfield>
    <subfield code="g">Schleswig-Holstein</subfield>
    <subfield code="A">GND</subfield>
    <subfield code="B">GND-004842693</subfield>
    <subfield code="C">410</subfield>
  </datafield>
  <datafield tag="GSI" ind1="7" ind2=" ">
    <subfield code="a">http://d-nb.info/gnd/2027475-0</subfield>
    <subfield code="2">uri</subfield>
    <subfield code="A">GND</subfield>
    <subfield code="B">GND-004842693</subfield>
    <subfield code="C">024</subfield>
  </datafield>
  <datafield tag="GKT" ind1="2" ind2=" ">
    <subfield code="a">Landesvermessungsamt</subfield>
    <subfield code="g">Nordrhein-Westfalen</subfield>
    <subfield code="A">GND</subfield>
    <subfield code="B">GND-004045599</subfield>
    <subfield code="C">410</subfield>
  </datafield>
  <datafield tag="GKT" ind1="1" ind2=" ">
    <subfield code="a">Nordrhein-Westfalen</subfield>
    <subfield code="b">Innenministerium</subfield>
    <subfield code="b">Landesvermesssungsamt</subfield>
    <subfield code="A">GND</subfield>
    <subfield code="B">GND-004045599</subfield>
    <subfield code="C">410</subfield>
  </datafield>
  <datafield tag="GSI" ind1="7" ind2=" ">
    <subfield code="a">1008243-8</subfield>
    <subfield code="0">http://d-nb.info/gnd/1008243-8</subfield>
    <subfield code="2">gnd</subfield>
    <subfield code="A">GND</subfield>
    <subfield code="B">GND-004045599</subfield>
    <subfield code="C">024</subfield>
  </datafield>
  <datafield tag="GKT" ind1="2" ind2=" ">
    <subfield code="a">Landesvermessungsamt</subfield>
    <subfield code="g">Rheinland-Pfalz</subfield>
    <subfield code="A">GND</subfield>
    <subfield code="B">GND-004861809</subfield>
    <subfield code="C">410</subfield>
  </datafield>
  <datafield tag="GSI" ind1="7" ind2=" ">
    <subfield code="a">http://d-nb.info/gnd/2029749-X</subfield>
    <subfield code="2">uri</subfield>
    <subfield code="A">GND</subfield>
    <subfield code="B">GND-004861809</subfield>
    <subfield code="C">024</subfield>
  </datafield>
  <datafield tag="GKT" ind1="2" ind2=" ">
    <subfield code="a">Landesvermessungsamt</subfield>
    <subfield code="g">Saarland</subfield>
    <subfield code="A">GND</subfield>
    <subfield code="B">GND-004842561</subfield>
    <subfield code="C">410</subfield>
  </datafield>
  <datafield tag="GSI" ind1="7" ind2=" ">
    <subfield code="a">http://d-nb.info/gnd/2027457-9</subfield>
    <subfield code="2">uri</subfield>
    <subfield code="A">GND</subfield>
    <subfield code="B">GND-004842561</subfield>
    <subfield code="C">024</subfield>
  </datafield>
  <datafield tag="GKT" ind1="1" ind2=" ">
    <subfield code="a">Baden-W&#252;rttemberg</subfield>
    <subfield code="b">Landesvermessungsamt</subfield>
    <subfield code="A">GND</subfield>
    <subfield code="B">GND-004848322</subfield>
    <subfield code="C">410</subfield>
  </datafield>
  <datafield tag="GKT" ind1="2" ind2=" ">
    <subfield code="a">Landesvermessungsamt</subfield>
    <subfield code="g">Baden-W&#252;rttemberg</subfield>
    <subfield code="A">GND</subfield>
    <subfield code="B">GND-004848322</subfield>
    <subfield code="C">410</subfield>
  </datafield>
  <datafield tag="GKT" ind1="1" ind2=" ">
    <subfield code="a">Baden-W&#252;rttemberg</subfield>
    <subfield code="b">Vermessungsverwaltung</subfield>
    <subfield code="A">GND</subfield>
    <subfield code="B">GND-004848322</subfield>
    <subfield code="C">410</subfield>
  </datafield>
  <datafield tag="GKT" ind1="2" ind2=" ">
    <subfield code="a">Vermessungsverwaltung</subfield>
    <subfield code="g">Baden-W&#252;rttemberg</subfield>
    <subfield code="A">GND</subfield>
    <subfield code="B">GND-004848322</subfield>
    <subfield code="C">410</subfield>
  </datafield>
  <datafield tag="GSI" ind1="7" ind2=" ">
    <subfield code="a">2028149-3</subfield>
    <subfield code="0">http://d-nb.info/gnd/2028149-3</subfield>
    <subfield code="2">gnd</subfield>
    <subfield code="A">GND</subfield>
    <subfield code="B">GND-004848322</subfield>
    <subfield code="C">024</subfield>
  </datafield>
  <datafield tag="GKT" ind1="1" ind2=" ">
    <subfield code="a">Hessen</subfield>
    <subfield code="b">Landesvermessungsamt</subfield>
    <subfield code="A">GND</subfield>
    <subfield code="B">GND-004853423</subfield>
    <subfield code="C">410</subfield>
  </datafield>
  <datafield tag="GKT" ind1="2" ind2=" ">
    <subfield code="a">Landesvermessungsamt</subfield>
    <subfield code="g">Hessen</subfield>
    <subfield code="A">GND</subfield>
    <subfield code="B">GND-004853423</subfield>
    <subfield code="C">410</subfield>
  </datafield>
  <datafield tag="GKT" ind1="1" ind2=" ">
    <subfield code="a">Hessisches Landesvermessungsamt</subfield>
    <subfield code="b">Photogrammetrie und Fernerkundung</subfield>
    <subfield code="4">spio</subfield>
    <subfield code="4">http://d-nb.info/standards/elementset/gnd#variantName</subfield>
    <subfield code="w">r</subfield>
    <subfield code="i">Spitzenorgan</subfield>
    <subfield code="e">Spitzenorgan</subfield>
    <subfield code="A">GND</subfield>
    <subfield code="B">GND-004853423</subfield>
    <subfield code="C">410</subfield>
  </datafield>
  <datafield tag="GKT" ind1="2" ind2=" ">
    <subfield code="a">Hess. LVA</subfield>
    <subfield code="4">abku</subfield>
    <subfield code="4">http://d-nb.info/standards/elementset/gnd#abbreviatedNameForTheCorporateBody</subfield>
    <subfield code="w">r</subfield>
    <subfield code="i">Abkuerzung</subfield>
    <subfield code="e">Abkuerzung</subfield>
    <subfield code="A">GND</subfield>
    <subfield code="B">GND-004853423</subfield>
    <subfield code="C">410</subfield>
  </datafield>
  <datafield tag="GSI" ind1="7" ind2=" ">
    <subfield code="a">http://d-nb.info/gnd/2028730-6</subfield>
    <subfield code="2">uri</subfield>
    <subfield code="A">GND</subfield>
    <subfield code="B">GND-004853423</subfield>
    <subfield code="C">024</subfield>
  </datafield>
  <datafield tag="GKT" ind1="2" ind2=" ">
    <subfield code="a">Bayerisches Landesvermessungsamt Mu&#776;nchen</subfield>
    <subfield code="A">GND</subfield>
    <subfield code="B">GND-004847717</subfield>
    <subfield code="C">410</subfield>
  </datafield>
  <datafield tag="GKT" ind1="1" ind2=" ">
    <subfield code="a">Bayern</subfield>
    <subfield code="b">Bayerisches Landesvermessungsamt</subfield>
    <subfield code="A">GND</subfield>
    <subfield code="B">GND-004847717</subfield>
    <subfield code="C">410</subfield>
  </datafield>
  <datafield tag="GKT" ind1="2" ind2=" ">
    <subfield code="a">Landesvermessungsamt</subfield>
    <subfield code="g">Bayern</subfield>
    <subfield code="A">GND</subfield>
    <subfield code="B">GND-004847717</subfield>
    <subfield code="C">410</subfield>
  </datafield>
  <datafield tag="GKT" ind1="2" ind2=" ">
    <subfield code="a">Bavarian State Mapping Agency</subfield>
    <subfield code="A">GND</subfield>
    <subfield code="B">GND-004847717</subfield>
    <subfield code="C">410</subfield>
  </datafield>
  <datafield tag="GKT" ind1="1" ind2=" ">
    <subfield code="a">Bayern</subfield>
    <subfield code="b">Mapping Agency</subfield>
    <subfield code="A">GND</subfield>
    <subfield code="B">GND-004847717</subfield>
    <subfield code="C">410</subfield>
  </datafield>
  <datafield tag="GKT" ind1="2" ind2=" ">
    <subfield code="a">State Mapping Agency</subfield>
    <subfield code="g">Bayern</subfield>
    <subfield code="A">GND</subfield>
    <subfield code="B">GND-004847717</subfield>
    <subfield code="C">410</subfield>
  </datafield>
  <datafield tag="GKT" ind1="2" ind2=" ">
    <subfield code="a">Mapping Agency</subfield>
    <subfield code="g">Bayern</subfield>
    <subfield code="A">GND</subfield>
    <subfield code="B">GND-004847717</subfield>
    <subfield code="C">410</subfield>
  </datafield>
  <datafield tag="GKT" ind1="2" ind2=" ">
    <subfield code="a">BLVA</subfield>
    <subfield code="4">abku</subfield>
    <subfield code="4">http://d-nb.info/standards/elementset/gnd#abbreviatedNameForTheCorporateBody</subfield>
    <subfield code="w">r</subfield>
    <subfield code="i">Abkuerzung</subfield>
    <subfield code="e">Abkuerzung</subfield>
    <subfield code="A">GND</subfield>
    <subfield code="B">GND-004847717</subfield>
    <subfield code="C">410</subfield>
  </datafield>
  <datafield tag="GSI" ind1="7" ind2=" ">
    <subfield code="a">http://d-nb.info/gnd/2028072-5</subfield>
    <subfield code="2">uri</subfield>
    <subfield code="A">GND</subfield>
    <subfield code="B">GND-004847717</subfield>
    <subfield code="C">024</subfield>
  </datafield>
</record>